@MISC{NUCLEO-F042K6,
    author = "{STMicroelectronics}",
    title  = "{\it NUCLEO-F042K6}",
    url    = "https://www.st.com/content/st_com/en/products/evaluation-tools/product-evaluation-tools/mcu-eval-tools/stm32-mcu-eval-tools/stm32-mcu-nucleo/nucleo-f042k6.html",
    note = "[Online; Accessed: 2018-09-28]",
}

@MISC{HEART-BEAT-SENZOR,
    author = "{Lubo≈° M.}",
    title  = "{\it Arduino senzor tepu srdce}",
    year   = "2016-12-13",
    url    = "https://navody.arduino-shop.cz/navody-k-produktum/arduino-senzor-tepu-srdce.html",
    note   = "[Online; Accessed: 2018-09-28]",
}
